<?xml version="1.0" encoding="UTF-8"?>
<record xmlns="http://www.loc.gov/MARC21/slim" xmlns:xsi="http://www.w3.org/2001/XMLSchema-instance" xsi:schemaLocation="http://www.loc.gov/MARC21/slim http://www.loc.gov/standards/marcxml/schema/MARC21slim.xsd">
<leader>     cam a2200301 a 4500</leader>
<controlfield tag="001">001886433</controlfield>
<controlfield tag="003">NNU</controlfield>
<controlfield tag="005">19940713181853.0</controlfield>
<controlfield tag="008">900731m19879999ir            000 0 ara d</controlfield>
<datafield tag="020" ind1=" " ind2=" ">
<subfield code="c">1000.00IR (v.1)</subfield>
</datafield>
<datafield tag="035" ind1="9" ind2=" ">
<subfield code="a">NYUb10827415</subfield>
</datafield>
<datafield tag="035" ind1=" " ind2=" ">
<subfield code="a">(CStRLIN)NYUG90-B31922</subfield>
</datafield>
<datafield tag="035" ind1=" " ind2=" ">
<subfield code="a">GLIS008274156</subfield>
</datafield>
<datafield tag="040" ind1=" " ind2=" ">
<subfield code="a">PU</subfield>
<subfield code="c">PU</subfield>
<subfield code="d">NNU</subfield>
</datafield>
<datafield tag="090" ind1=" " ind2=" ">
<subfield code="i">08/09/91 T</subfield>
<subfield code="h">02/27/91 CT</subfield>
<subfield code="h">09/19/90 T</subfield>
<subfield code="h">07/31/90 CT</subfield>
</datafield>
<datafield tag="100" ind1="1" ind2=" ">
<subfield code="a">Ṣadr al-Dīn Shīrāzī, Muḥammad ibn Ibrāhīm,</subfield>
<subfield code="d">d. 1641.</subfield>
</datafield>
<datafield tag="245" ind1="1" ind2="0">
<subfield code="a">Sharḥ uṣūl al-Kāfī /</subfield>
<subfield code="c">Ṣadr al-Dīn Muḥammad ibn Ibrāhīm al-Shīrāzī ; ʻannʹa bi-taṣḥīḥih Muḥammad Khwājawī.</subfield>
</datafield>
<datafield tag="250" ind1=" " ind2=" ">
<subfield code="a">Chāp-i 1.</subfield>
</datafield>
<datafield tag="260" ind1=" " ind2=" ">
<subfield code="a">Tihrān :</subfield>
<subfield code="b">Muʼassasah-ʼi Muṭālaʻāt va Taḥqīqāt-i Farhangī, vābastah bih vizārat-i Farhang va Āmūzish-i ʻĀlī,</subfield>
<subfield code="c">1366- [1987- ]</subfield>
</datafield>
<datafield tag="300" ind1=" " ind2=" ">
<subfield code="a">v. ;</subfield>
<subfield code="c">24 cm.</subfield>
</datafield>
<datafield tag="500" ind1=" " ind2=" ">
<subfield code="a">"572."</subfield>
</datafield>
<datafield tag="505" ind1="0" ind2=" ">
<subfield code="a">v. 1. Kitāb al-ʻaql wa-al-jahl</subfield>
</datafield>
<datafield tag="600" ind1="2" ind2="1">
<subfield code="a">Kulaynī, Muḥammad ibn Yaʻqūb,</subfield>
<subfield code="d">d. 941?</subfield>
<subfield code="t">Uṣūl al-Kāfī.</subfield>
</datafield>
<datafield tag="650" ind1=" " ind2="0">
<subfield code="a">Hadith (Shiites)</subfield>
<subfield code="v">Early works to 1800.</subfield>
</datafield>
<datafield tag="700" ind1="1" ind2=" ">
<subfield code="a">Khvājavī, Muḥammad.</subfield>
</datafield>
<datafield tag="OWN" ind1=" " ind2=" ">
<subfield code="a">GENERAL</subfield>
</datafield>
<datafield tag="950" ind1=" " ind2=" ">
<subfield code="l">BMAIN</subfield>
<subfield code="a">BP193.25.K84</subfield>
<subfield code="b">S34 1987</subfield>
<subfield code="h">02/27/91 C</subfield>
<subfield code="h">07/31/90 C</subfield>
</datafield>
<datafield tag="955" ind1=" " ind2=" ">
<subfield code="l">BMAIN</subfield>
<subfield code="c">2:v.1</subfield>
<subfield code="r">015061453</subfield>
<subfield code="h">02/27/91 C</subfield>
</datafield>
<datafield tag="955" ind1=" " ind2=" ">
<subfield code="l">BMAIN</subfield>
<subfield code="c">1:v.1</subfield>
<subfield code="u">msg @ reclass</subfield>
<subfield code="h">07/31/90 C</subfield>
</datafield>
<datafield tag="998" ind1=" " ind2=" ">
<subfield code="a">08/09/91</subfield>
<subfield code="t">c</subfield>
<subfield code="s">9114</subfield>
<subfield code="n">NNU</subfield>
<subfield code="w">PAUG89B15387</subfield>
<subfield code="d">07/31/90</subfield>
<subfield code="c">MG</subfield>
<subfield code="b">MG</subfield>
<subfield code="i">910809</subfield>
<subfield code="h">910227</subfield>
<subfield code="h">900919</subfield>
<subfield code="h">900731</subfield>
<subfield code="l">NYUG</subfield>
</datafield>
<datafield tag="AVA" ind1=" " ind2=" ">
<subfield code="a">NYU50</subfield>
<subfield code="b">BOBST</subfield>
<subfield code="c">Main Collection</subfield>
<subfield code="d">BP193.25.K84 S34 1987</subfield>
<subfield code="e">unavailable</subfield>
<subfield code="t">Unavailable</subfield>
<subfield code="f">1</subfield>
<subfield code="g">1</subfield>
<subfield code="h">Y</subfield>
<subfield code="i">0</subfield>
<subfield code="j">MAIN</subfield>
<subfield code="k">0</subfield>
</datafield>
</record>
